<?xml version="1.0" encoding="UTF-8"?><record xmlns="http://www.loc.gov/MARC21/slim" xmlns:cinclude="http://apache.org/cocoon/include/1.0" xmlns:zs="http://www.loc.gov/zing/srw/">
  <leader>00439cz  a2200133n  4500</leader>
  <controlfield tag="001">n 2005069178</controlfield>
  <controlfield tag="003">DLC</controlfield>
  <controlfield tag="005">20050915180419.0</controlfield>
  <controlfield tag="008">050915n| acannaabn          |a ana      </controlfield>
  <datafield tag="010" ind1=" " ind2=" ">
    <subfield code="a">n 2005069178</subfield>
  </datafield>
  <datafield tag="040" ind1=" " ind2=" ">
    <subfield code="a">DLC</subfield>
    <subfield code="b">eng</subfield>
    <subfield code="c">DLC</subfield>
  </datafield>
  <datafield tag="110" ind1="2" ind2=" ">
    <subfield code="a">Cabildo Etnoeducativo Proyecto Nasa</subfield>
  </datafield>
  <datafield tag="410" ind1="2" ind2=" ">
    <subfield code="a">Proyecto Nasa.</subfield>
    <subfield code="b">Cabildo Etnoeducativo</subfield>
  </datafield>
  <datafield tag="670" ind1=" " ind2=" ">
    <subfield code="a">Yule YatacueĚ, M. Pees kupx fxiĘźzenxi, 2004:</subfield>
    <subfield code="b">t.p., at head of title (Cabildo Etnoeducativo Proyecto Nasa)</subfield>
  </datafield>
</record>